<?xml version="1.0" encoding="UTF-8"?><collection xmlns="http://www.loc.gov/MARC21/slim"><record><leader>00513nam--2200181-i-4500</leader><controlfield tag="001">000034228</controlfield><controlfield tag="002">20161230</controlfield><controlfield tag="005">20161230201039</controlfield><controlfield tag="008">060222s1000------------r-----000-0-eng-d</controlfield><datafield ind1=" " ind2=" " tag="040"><subfield code="a">IFIN-HH</subfield></datafield><datafield ind1=" " ind2=" " tag="080"><subfield code="a">541.49</subfield></datafield><datafield ind1="1" ind2=" " tag="100"><subfield code="a">Mulliken, Robert S</subfield></datafield><datafield ind1="1" ind2="0" tag="245"><subfield code="a">Molecular complexes</subfield><subfield code="b">A lecture and reprind volume</subfield><subfield code="c">Robert s. mulliken, willis b. person</subfield></datafield><datafield ind1=" " ind2=" " tag="260"><subfield code="a">New York</subfield><subfield code="b">Wiley-interscience</subfield><subfield code="c">1969</subfield></datafield><datafield ind1=" " ind2=" " tag="300"><subfield code="a">XV + 498P</subfield></datafield><datafield ind1="1" ind2=" " tag="700"><subfield code="a">Person, Willis B</subfield></datafield><datafield ind1=" " ind2=" " tag="852"><subfield code="a">32911</subfield><subfield code="c">539.19</subfield></datafield><datafield ind1=" " ind2=" " tag="CAT"><subfield code="a">Sys</subfield><subfield code="c">20120712</subfield><subfield code="h">162544</subfield></datafield></record></collection>